@misc{website:wiki,
      author = "Wikipedia",
      title = "Blood",
      month = "april",
      year = "2007",
      url = "https://en.wikipedia.org/wiki/Blood"
}
@Article{ann17,
author = {Shubham M., Lalit M. S., Nikhil V.},
title = {Counting and classification of white blood cell using Artificial Neural Network (ANN)},
journal = {proceedings in Power Electronics, Intelligent Control and Energy Systems (ICPEICES), pp. 1 - 5},
year = {2017},
}

@Article{water,
author = {Putzu L., Caocci G., Di Ruberto C.},
title = {Leucocyte classification for leukaemia detection using image processing techniques},
journal = {Artificial Intelligence in Medicine, vol. 62 , pp. 179 - 191},
year = {2014}
}

@Article{GVF,
author = {Xu C., Prince J. L.},
title = {Generalized gradient vector flow external
forces for active contours},
journal = {Signal Process., vol. 71, pp. 131 - 139},
year = {1998}
}
@Article{VFC,
author = {Bing L., Scott T.},
title = {Active Contour External Force Using Vector Field Convolution for Image Segmentation},
journal = {Acton, vol. 16, pp. 2096 - 2106},
year = {2007}
}
@Article{Threshold,
author = {Gonzalez R. C., Woods R. E.},
title = { ”Digital Image Processing”},
journal = {2nd ed. New Jersey: Prentice Hall, Inc., pp. 1 - 954},
year={ 2002}
}
@misc{website:region_g,
      author = "Wikipedia",
      title = "Region growing",
      month = "July",
      year = "2008",
      url = "https://en.wikipedia.org/wiki/Region_growing"
}
@Article{edge,
author = {Umbaugh Scott E.},
title = "Digital image processing and analysis : human and computer vision applications with CVIPtools",
journal = "Journal of Electronic Imaging, pp. 1 - 977 ",
year = "2010",
OPTeditor = {Boca Raton, FL: CRC Press},
}
@misc{website:IDB,
      author = "Unimi",
      title = "ALL-IDB Acute Lymphoblastic Leukemia Image Database for Image Processing",
      year = "2005",
      url = "https://homes.di.unimi.it/scotti/all/"
}
@Article{idbpaper,
author = {Labati R. D., Piuri V., Scotti F.},
title = { ”ALL-IDB: THE ACUTE LYMPHOBLASTIC LEUKEMIA IMAGE DATABASE FOR IMAGE PROCESSING”},
journal = {proceedings in Image Processing (ICIP), pp. 2045-2048},
year={ 2011}
}
@Article{otherwork,
author = {Lata A. Bhavnani, Udesang K. Jaliya, Mahasweta J. Joshi},
title = { ”Segmentation and Counting of WBCs and RBCs from Microscopic Blood Sample Images”},
journal = {proceedings in MECS (http://www.mecs-press.org/), vol. 11, pp. 32 - 40},
year= "2016"
}

@Article{dirub,
author = {Di Ruberto C., Loddo A., Putzu L.},
title = { ”A Multiple Classifier Learning by Sampling System for White Blood Cells Segmentation”},
journal = {proceedings in CAIP, vol. 9257, pp. 415 - 425},
year={ 2015}
}
@Article{fuku,
author = {Fukunaga K.},
title = { ”The estimation of the gradient of a density function, with applications in pattern recognition”},
journal = {IEEE Transactions on Information Theory, vol. 21, pp. 32 - 40},
year={ 1975}
}
@Article{cheng,
author = {Cheng Y.},
title = { ”Mean shift, mode seeking, and clustering”},
journal = {IEEE Transactions on Pattern Analysis and Machine Intelligence, vol. 17, pp. 790 - 799},
year={ 1995}
}
@Article{comaniciu,
author = {D. Comaniciu, P. Meer},
title = { ”Mean shift: A robust approach toward feature space analysis”},
journal = {IEEE Transactions on Pattern Analysis and Machine Intelligence, vol. 24, pp. 603 - 619},
year={ 2002}
}
